@misc{tf,
    title={{TensorFlow}: Large-Scale Machine Learning on Heterogeneous Systems},
    url={tensorflow.org},
    note={Software available from tensorflow.org},
    author={Mart\'{\i}n Abadi and others},
    year={2015},
}

@article{schematic,
    title={{NN-SVG}: Publication-Ready Neural Network Architecture Schematics},
    doi={10.21105/joss.00747},
    author={Alexander LeNail},
    journal={Journal of Open Source Software},
    number={4},
    issue={33},
    pages={747},
    year={2019}
}

@article{adam,
    title={Adam: a Method for Stochastic Optimization},
    doi={arXiv:1412.6980},
    author={Jimmy Ba and Diederik Kingma},
    inbook={Proc. ICLR},
    year={2015},
}

@article{lenet5,
  title={Gradient-based learning applied to document recognition},
  author={LeCun, Yann and Bottou, L{\'e}on and Bengio, Yoshua and Haffner, Patrick and others},
  journal={Proceedings of the IEEE},
  volume={86},
  number={11},
  pages={2278--2324},
  year={1998},
  doi={10.1109/5.726791}
}

@inproceedings{stock,
  title={Stock price pattern recognition-a recurrent neural network approach},
  author={Kamijo, Ken-ichi and Tanigawa, Tetsuji},
  booktitle={International Joint Conference on Neural Networks},
  pages={215--221},
  year={1990},
  doi={10.1109/IJCNN.1990.137572}
}

@article{rosenblatt,
    title={The perceptron: A probabilistic model for information storage and organization in the brain},
    doi={10.1037/h0042519},
    author={F. Rosenblatt},
    year={1958},
    journal={Psychological Review},
    number={65},
    issue={6},
    pages={386--408}
}

@article{approx,
  title={Approximation by superpositions of a sigmoidal function},
  doi={10.1007/BF02551274},
  author={George Cybenko},
  journal={Mathematics of control, signals and systems},
  volume={2},
  number={4},
  pages={303--314},
  year={1989},
  publisher={Springer}
}
