@misc{tf,
    title={{TensorFlow}: Large-Scale Machine Learning on Heterogeneous Systems},
    url={http://tensorflow.org/},
    note={Software available from tensorflow.org},
    author={{Mart\'{\i}n~Abadi et.\ al.}},
    year={2015},
}

@article{rosenblatt,
    title={The perceptron: A probabilistic model for information storage and organization in the brain},
    url={http://dx.doi.org/10.1037/h0042519},
    author={F. Rosenblatt},
    year={1958},
    journal={Psychological Review},
    number={65},
    issue={6},
    pages={386--408}
}

@article{approx,
  title={Approximation by superpositions of a sigmoidal function},
  author={George Cybenko},
  journal={Mathematics of control, signals and systems},
  volume={2},
  number={4},
  pages={303--314},
  year={1989},
  publisher={Springer}
}

@article{schematic,
    title={{NN-SVG}: Publication-Ready Neural Network Architecture Schematics},
    url={https://doi.org/10.21105/joss.00747},
    author={Alexander LeNail},
    journal={Journal of Open Source Software},
    number={4},
    issue={33},
    pages={747},
    year={2019}
}
