@article{pearson,
	title={LIII. On lines and planes of closest fit to systems of points in space},
	author={Pearson, Karl},
	journal={The London, Edinburgh, and Dublin Philosophical Magazine and Journal of Science},
	volume={2},
	number={11},
	pages={559--572},
	year={1901},
	publisher={Taylor \& Francis}
}

@article{bigdata,
	title={Big data: What it is and why you should care},
	author={Villars, Richard L and Olofson, Carl W and Eastwood, Matthew},
	journal={White Paper, IDC},
	volume={14},
	pages={1--14},
	year={2011}
}

@article{moore,
	title={Cramming more components onto electronic circuits.},
	author={Moore, Gordon},
	journal={Electronics Magazine},
	volume={4},
	year={1965}
}

@unpublished{notes,
	author={Qi Wang},
	title={Machine Learning and Deep Learning Theory, Numerics, and Applications},
	month={February},
	year={2019},
	howpublished={Lecture notes},
	note={Department of Mathematics University of South Carolina}
}

@incollection{svd,
	title={Singular value decomposition and least squares solutions},
	author={Golub, Gene H and Reinsch, Christian},
	booktitle={Linear Algebra},
	pages={134--151},
	year={1971},
	publisher={Springer}
}

@misc{numpy,
  author={Travis Oliphant},
  title={A guide to {NumPy}},
  year={2006},
  howpublished={USA: Trelgol Publishing},
  url="http://www.numpy.org/"
}

@article{sklearn,
	title={Scikit-learn: Machine Learning in {P}ython},
	author={Pedregosa, F. and Varoquaux, G. and Gramfort, A. and Michel, V.
	and Thirion, B. and Grisel, O. and Blondel, M. and Prettenhofer, P.
	and Weiss, R. and Dubourg, V. and Vanderplas, J. and Passos, A. and
	Cournapeau, D. and Brucher, M. and Perrot, M. and Duchesnay, E.},
	journal={Journal of Machine Learning Research},
	volume={12},
	pages={2825--2830},
	year={2011}
}

@article{matplotlib,
	author={Hunter, J. D.},
	title={Matplotlib: A 2D graphics environment},
	journal={Computing In Science \& Engineering},
	volume={9},
	number={3},
	pages={90--95},
	publisher={IEEE COMPUTER SOC},
	doi={10.1109/MCSE.2007.55},
	year=2007
}

@inproceedings{aqua,
	title={Using gait change for terrain sensing by robots},
	author={Manjanna, Sandeep and Dudek, Gregory and Giguere, Philippe},
	booktitle={2013 International Conference on Computer and Robot Vision},
	pages={16--22},
	year={2013},
	organization={IEEE}
}
